<?xml version="1.0" encoding="UTF-8"?><collection xmlns="http://www.loc.gov/MARC21/slim"><record><leader>00440nam--2200145-i-4500</leader><controlfield tag="001">000029684</controlfield><controlfield tag="002">20161230</controlfield><controlfield tag="005">20161230201037</controlfield><controlfield tag="008">060222s1000------------r-----000-0-eng-d</controlfield><datafield ind1=" " ind2=" " tag="080"><subfield code="a">621.039.534.63</subfield></datafield><datafield ind1=" " ind2=" " tag="100"><subfield code="a">Laithwaite, J.M</subfield></datafield><datafield ind1=" " ind2=" " tag="245"><subfield code="a">Sodium-cooled reactors. the engineering of fast breedes reactors in the united kingdom </subfield></datafield><datafield ind1=" " ind2=" " tag="260"><subfield code="a">Vienna, Iaea, 1966. 26p</subfield></datafield><datafield ind1=" " ind2=" " tag="490"><subfield code="a">International Survey Course-vienna-sept. 1966</subfield></datafield><datafield ind1=" " ind2=" " tag="852"><subfield code="a">35460</subfield></datafield></record></collection>